
@online{laurent_7_????,
	title = {7 applications possibles de la technologie blockchain},
	url = {https://www.7x7.press/7-applications-possibles-de-la-technologie-blockchain},
	titleaddon = {7x7},
	author = {Laurent, Charlotte},
	urldate = {2018-03-05},
	file = {7 applications possibles de la technologie blockchain:C\:\\Users\\user\\Zotero\\storage\\IHEQTVR3\\7-applications-possibles-de-la-technologie-blockchain.html:text/html}
}

@online{redaction_reuters_transactions_2016,
	title = {Des transactions en "blockchain" testées par 40 grandes banques},
	url = {https://fr.reuters.com/article/companyNews/idFRL8N16B2DR},
	titleaddon = {Reuters},
	author = {{Rédaction Reuters}},
	urldate = {2018-03-05},
	date = {2016-03-03},
	file = {Des transactions en "blockchain" testées par 40 grandes banques:C\:\\Users\\user\\Zotero\\storage\\SYGZUCLT\\idFRL8N16B2DR.html:text/html}
}

@online{webadmin_digmasbord_2018,
	title = {Digmasbord raconte l'histoire de la blockchain Part1},
	url = {https://www.meteo-blockchain.fr/digmasbord-blockchain/l-histoire-de-la-blockchain/},
	abstract = {Digmasbord retrace l’historique de la blockchain : Le projet de la blockchain remonte à 2008 bien avant Digmasbord. Dans un manifeste paru cette année la, un inconnu ce présentant sous le pseudonyme de Satoshi Nakamoto nourrit Lire la suite…},
	titleaddon = {Projet Digmasbord},
	author = {{webadmin}},
	urldate = {2018-03-05},
	date = {2018-02-24},
	langid = {french},
	file = {Snapshot:C\:\\Users\\user\\Zotero\\storage\\GMAXBURB\\l-histoire-de-la-BlockChain.html:text/html}
}

@book{laborde_theorie_2012,
	title = {Théorie Relative de la Monnaie v2.718},
	url = {http://trm.creationmonetaire.info/},
	author = {Laborde, Stéphane},
	urldate = {2018-03-05},
	date = {2012},
	file = {Sommaire — Théorie Relative de la Monnaie v2.718:C\:\\Users\\user\\Zotero\\storage\\8Y4J89ST\\trm.creationmonetaire.info.html:text/html}
}

@report{nakamoto_bitcoin:_2008,
	title = {Bitcoin: A Peer-to-Peer Electronic Cash System},
	url = {https://bitcoin.org/bitcoin.pdf},
	abstract = {A  purely   peer-to-peer   version   of   electronic   cash   would   allow   online
payments   to   be   sent   directly   from   one   party   to   another   without   going   through   a
financial institution.   Digital signatures provide part of the solution, but the main
benefits are lost if a trusted third party is still required to prevent double-spending.
We propose a solution to the double-spending problem using a peer-to-peer network.
The   network   timestamps   transactions   by   hashing   them   into   an   ongoing   chain   of
hash-based proof-of-work, forming a record that cannot be changed without redoing
the proof-of-work.   The longest chain not only serves as proof of the sequence of
events witnessed, but proof that it came from the largest pool of {CPU} power.   As
long as a majority of {CPU} power is controlled by nodes that are not cooperating to
attack the network,  they'll  generate the  longest  chain  and  outpace attackers.   The
network itself requires minimal structure.   Messages are broadcast on a best effort
basis,   and   nodes   can   leave   and   rejoin   the   network   at   will,   accepting   the   longest
proof-of-work chain as proof of what happened while they were gone.},
	pages = {9},
	author = {Nakamoto, Satoshi},
	urldate = {2018-03-05},
	date = {2008},
	file = {bitcoin.pdf:C\:\\Users\\user\\Zotero\\storage\\T5DZER2V\\bitcoin.pdf:application/pdf}
}

@online{bitcoin_classification_2015,
	title = {Une classification des monnaies décentralisées – Bitcoin.fr},
	url = {https://bitcoin.fr/une-classification-des-monnaies-decentralisees/},
	titleaddon = {Bitcoin.fr},
	author = {{Bitcoin}},
	urldate = {2018-03-05},
	date = {2015-02-10},
	file = {Une classification des monnaies décentralisées – Bitcoin.fr:C\:\\Users\\user\\Zotero\\storage\\BWQZQWT9\\une-classification-des-monnaies-decentralisees.html:text/html}
}

@online{_cours_2013,
	title = {Cours du bitcoin},
	url = {https://bitcoin.fr/cours-du-bitcoin/},
	abstract = {Évolution sur 48 heures : Évolution sur dix jours : Évolution sur un mois : Évolution sur six mois : Évolution sur un an : Évolution sur deux ans : Évolution depuis 2012 : Légende :...},
	titleaddon = {Bitcoin.fr},
	urldate = {2018-03-05},
	date = {2013-05-08},
	langid = {french},
	file = {Snapshot:C\:\\Users\\user\\Zotero\\storage\\YHH2FJDW\\Cours-du-bitcoin.html:text/html}
}

@online{derniere_blockchain_2016,
	title = {Blockchain - Un peu d'histoire},
	url = {https://steemit.com/blockchain/@alsaceblockchain/blockchain-un-peu-d-histoire-and-pourquoi-cela-fonctionne},
	abstract = {De même que le première article, nous sommes encore au niveau de la présentation simple, un initié n'apprendra rien… by alsaceblockchain},
	titleaddon = {Steemit},
	author = {Dernière, Alsaceblockchaindans Blockchain • L’année},
	urldate = {2018-03-05},
	date = {2016-10-24},
	langid = {english},
	file = {Snapshot:C\:\\Users\\user\\Zotero\\storage\\J8U4MPXV\\blockchain-un-peu-d-histoire-and-pourquoi-cela-fonctionne.html:text/html}
}

@inreference{_blockchain_2018,
	title = {Blockchain},
	rights = {Creative Commons Attribution-{ShareAlike} License},
	url = {https://fr.wikipedia.org/w/index.php?title=Blockchain&oldid=146072437},
	abstract = {Une (ou un) blockchain , ou chaîne de blocs, est la mise en œuvre d'une technologie de stockage et de transmission d'informations sans organe de contrôle. Techniquement, il s'agit d'une base de données distribuée dont les informations, envoyées par les utilisateurs, sont vérifiées et groupées à intervalles de temps réguliers en blocs, liés et sécurisés grâce à l'utilisation de la cryptographie, et formant ainsi une chaîne. Par extension, une chaîne de blocs est une base de données distribuée qui gère une liste d'enregistrements protégés contre la falsification ou la modification par les nœuds de stockage. Une blockchain est donc un registre distribué et sécurisé de toutes les transactions effectuées depuis le démarrage du système réparti.
Une analogie avec l'Internet ({TCP}/{IP}) peut être dressée, car il s'agit dans les deux cas de protocoles informatiques sous-jacents à une infrastructure décentralisée. Internet transfère des paquets de données d'un point A à un point B, alors que la blockchain permet à la « confiance » de s'établir entre des agents distincts du système.},
	booktitle = {Wikipédia},
	urldate = {2018-03-05},
	date = {2018-03-04},
	langid = {french},
	note = {Page Version {ID}: 146072437},
	file = {Snapshot:C\:\\Users\\user\\Zotero\\storage\\XMPB4355\\index.html:text/html}
}

@inreference{_reseau_2018,
	title = {Réseau},
	rights = {Creative Commons Attribution-{ShareAlike} License},
	url = {https://fr.wikipedia.org/w/index.php?title=R%C3%A9seau&oldid=145050872},
	abstract = {En premier ressort, un réseau désigne au sens concret « un ensemble de lignes entrelacées » et, au figuré « un ensemble de relations ».
Par extension, il désigne un ensemble interconnecté, fait de composants et de leurs inter-relations, autorisant la circulation en mode continu ou discontinu de flux (eau, air, huile…) ou d'éléments finis (marchandises, informations, personnes…).
Le réseau peut être « matériel » (comme le réseau électrique, le réseau routier, le réseau sanguin ou le réseau lymphatique), « immatériel » (comme le réseau social), « abstrait, symbolique ou normalisé » (comme le réseau de tâches de la méthode {PERT}).},
	booktitle = {Wikipédia},
	urldate = {2018-03-05},
	date = {2018-01-31},
	langid = {french},
	note = {Page Version {ID}: 145050872},
	file = {Snapshot:C\:\\Users\\user\\Zotero\\storage\\CYTC9AFN\\index.html:text/html}
}

@inreference{_horodatage_2016,
	title = {Horodatage},
	rights = {Creative Commons Attribution-{ShareAlike} License},
	url = {https://fr.wikipedia.org/w/index.php?title=Horodatage&oldid=131149114},
	abstract = {L'horodatage (en anglais timestamping) est un mécanisme qui consiste à associer une date et une heure à un événement, une information ou une donnée informatique. Il a généralement pour but d'enregistrer l'instant auquel une opération a été effectuée.
La valeur représentant la date et l'heure est appelée timestamp (de l'anglais time, « heure » et stamp, marquage par un timbre ou un tampon) ou tout simplement « horodatage ». Il peut s'agir d'une séquence de caractères (groupe date-heure) représentant la date et l'heure sous une forme intelligible. En informatique, ce type de format est souvent utilisé dans les journaux d'événements. Un timestamp peut aussi désigner un compteur numérique représentant une quantité de temps écoulée depuis un instant de référence, comme dans le système de l'heure Unix. Le timestamp se distingue alors de la date et de l'heure entendues comme un ensemble de valeurs année/mois/jour et heure/minute/seconde, la conversion pouvant se faire de l'un à l'autre.},
	booktitle = {Wikipédia},
	urldate = {2018-03-05},
	date = {2016-10-28},
	langid = {french},
	note = {Page Version {ID}: 131149114},
	file = {Snapshot:C\:\\Users\\user\\Zotero\\storage\\CXGZVTHR\\index.html:text/html}
}

@inreference{_date_2015,
	title = {Date (métadonnée)},
	rights = {Creative Commons Attribution-{ShareAlike} License},
	url = {https://fr.wikipedia.org/w/index.php?title=Date_(m%C3%A9tadonn%C3%A9e)&oldid=120037210},
	abstract = {Dans les métadonnées, la date est un élément utilisé pour spécifier un jour calendaire dans le calendrier grégorien.
Beaucoup de standards de représentation de données comme {XML}, {XML} Schema, Web Ontology Language spécifient que l'on doit utiliser le format de date {ISO} 8601.
La date indique un jour (comme au sens usuel). Lorsqu'elle contient également une heure, relative à un fuseau horaire, cela correspond plutôt au terme de représentation {DateAndTime}, « date et temps ».
Sous une version française de Linux, la date et temps peut par exemple être représentée par la chaîne « jeu mai 4 00:27:50 {CEST} 2006 ».
En informatique, la date peut également être représentée — afin de faciliter le tri automatique — en mettant les informations de poids fort en premier : « 2006-05-04T00:27:50Z » (norme {ISO} 8601). Il est aussi possible d'obtenir une date comme un nombre de secondes écoulées depuis le 1er janvier 1970, on parle alors de temps Unix (Unix Timestamp).
De nombreux langages informatiques contiennent une bibliothèque logicielle intégrée qui offre certaines fonctionnalités liées à la date ; c'est notamment le cas du C et du java. Ces bibliothèques se distinguent cependant par exemple, par leur capacité à régionaliser la date, ou sur le niveau de précision géré par la date.},
	booktitle = {Wikipédia},
	urldate = {2018-03-05},
	date = {2015-10-31},
	langid = {french},
	note = {Page Version {ID}: 120037210},
	file = {Snapshot:C\:\\Users\\user\\Zotero\\storage\\SXRVB83R\\index.html:text/html}
}

@inreference{_heure_2017,
	title = {Heure Unix},
	rights = {Creative Commons Attribution-{ShareAlike} License},
	url = {https://fr.wikipedia.org/w/index.php?title=Heure_Unix&oldid=142728819},
	abstract = {L'heure Posix (aussi appelée {POSIX} timestamp) est une mesure du temps utilisée principalement dans les systèmes qui respectent la norme {POSIX}, d'où son nom. Il s'agit du nombre de secondes écoulées depuis le 1er janvier 1970 00:00:00 {UTC} jusqu'à l'événement à dater, hors secondes intercalaires (voir ci-dessous). C'est la représentation {POSIX} du temps.
L'heure {UNIX} est rencontrée sur les systèmes de type {UNIX} qui respectent en général cette norme {POSIX}.},
	booktitle = {Wikipédia},
	urldate = {2018-03-05},
	date = {2017-11-18},
	langid = {french},
	note = {Page Version {ID}: 142728819},
	file = {Snapshot:C\:\\Users\\user\\Zotero\\storage\\XEEAQXZA\\index.html:text/html}
}

@inreference{_temps_2017,
	title = {Temps universel coordonné},
	rights = {Creative Commons Attribution-{ShareAlike} License},
	url = {https://fr.wikipedia.org/w/index.php?title=Temps_universel_coordonn%C3%A9&oldid=142318935},
	abstract = {Le temps universel coordonné, ou {UTC}, est une échelle de temps adoptée comme base du temps civil international par la majorité des pays du globe.},
	booktitle = {Wikipédia},
	urldate = {2018-03-05},
	date = {2017-11-05},
	langid = {french},
	note = {Page Version {ID}: 142318935},
	file = {Snapshot:C\:\\Users\\user\\Zotero\\storage\\BWG9HS88\\index.html:text/html}
}

@online{maxence_chiffrer.info_2016,
	title = {Chiffrer.info},
	url = {https://chiffrer.info/},
	abstract = {Parce que les mots sont importants},
	titleaddon = {Chiffrer.info},
	author = {{Maxence}},
	urldate = {2018-03-05},
	date = {2016-07-21},
	langid = {french},
	file = {Snapshot:C\:\\Users\\user\\Zotero\\storage\\ISKTSDRZ\\chiffrer.info.html:text/html}
}

@online{zaninotto_blockchain_????,
	title = {La blockchain expliquée aux développeurs web, partie 1: la théorie},
	url = {https://marmelab.com/blog/2016/05/12/blockchain-expliquee-aux-developpeurs-web-la-theorie.html},
	shorttitle = {La blockchain expliquée aux développeurs web, partie 1},
	abstract = {Tout le monde en parle mais personne n'y comprend vraiment grand chose. Allez, on essaie de vous expliquer ce que c'est, comment ça marche, et à quoi ça sert.},
	author = {Zaninotto, François},
	urldate = {2018-03-05},
	file = {Snapshot:C\:\\Users\\user\\Zotero\\storage\\RRKJICZK\\blockchain-expliquee-aux-developpeurs-web-la-theorie.html:text/html}
}

@online{hartikka_blockchain_2017,
	title = {A blockchain in 200 lines of code},
	url = {https://medium.com/@lhartikk/a-blockchain-in-200-lines-of-code-963cc1cc0e54},
	abstract = {The basic concept of blockchain is quite simple: a distributed database that maintains a continuously growing list of ordered records…},
	titleaddon = {Lauri Hartikka},
	author = {Hartikka, Lauri},
	urldate = {2018-03-05},
	date = {2017-03-04},
	file = {Snapshot:C\:\\Users\\user\\Zotero\\storage\\BY5EF9NZ\\a-blockchain-in-200-lines-of-code-963cc1cc0e54.html:text/html}
}

@online{j._steven_perry_chaincode_2017,
	title = {Chaincode for Java developers},
	rights = {© Copyright {IBM} Corporation 2017},
	url = {http://www.ibm.com/developerworks/library/j-chaincode-for-java-developers/index.html},
	abstract = {Join the blockchain revolution!},
	titleaddon = {{IBM}},
	author = {{J. Steven Perry}},
	urldate = {2018-03-05},
	date = {2017-03-30},
	langid = {english},
	file = {Snapshot:C\:\\Users\\user\\Zotero\\storage\\WIRW7SXC\\index.html:text/html}
}

@online{s._saurel_create_2018,
	title = {Create your own Blockchain in 30 minutes – All for Android, Android for All},
	url = {https://www.ssaurel.com/blog/create-your-own-blockchain-in-30-minutes/},
	author = {{S. Saurel}},
	urldate = {2018-03-05},
	date = {2018-01-27},
	langid = {american},
	file = {Snapshot:C\:\\Users\\user\\Zotero\\storage\\KECMZGQR\\create-your-own-blockchain-in-30-minutes.html:text/html}
}

@inreference{_fonction_2017,
	title = {Fonction de hachage},
	rights = {Creative Commons Attribution-{ShareAlike} License},
	url = {https://fr.wikipedia.org/w/index.php?title=Fonction_de_hachage&oldid=143729531},
	abstract = {On nomme fonction de hachage, de l'anglais hash function (hash : pagaille, désordre, recouper et mélanger) par analogie avec la cuisine, une fonction particulière qui, à partir d'une donnée fournie en entrée, calcule une empreinte servant à identifier rapidement, bien qu'incomplètement, la donnée initiale. Les fonctions de hachage sont utilisées en informatique et en cryptographie.},
	booktitle = {Wikipédia},
	urldate = {2018-03-05},
	date = {2017-12-21},
	langid = {french},
	note = {Page Version {ID}: 143729531},
	file = {Snapshot:C\:\\Users\\user\\Zotero\\storage\\WVALLZEL\\index.html:text/html}
}

@online{sqli_les_2017,
	title = {Les bénéfices de la Preuve d'Autorité - Proof-of-Authority ({PoA})},
	url = {https://www.technologies-ebusiness.com/enjeux-et-tendances/benefices-de-preuve-dautorite-proof-of-authority-poa},
	abstract = {La preuve de travail est le mécanisme utilisé pour faire fonctionner la majorité des blockchains publiques, dont notamment Bitcoin.},
	titleaddon = {Technologies e-business},
	author = {{SQLI}},
	urldate = {2018-03-05},
	date = {2017-04-11},
	langid = {french},
	file = {Snapshot:C\:\\Users\\user\\Zotero\\storage\\PFK7GHCW\\benefices-de-preuve-dautorite-proof-of-authority-poa.html:text/html}
}

@online{france_quest-ce_2017,
	title = {Qu’est-ce que la preuve d’enjeu / Proof-of-Stake ? – {FAQ} par V. Buterin – Traduction française},
	url = {https://www.ethereum-france.com/quest-ce-que-la-preuve-denjeu-proof-of-stake-faq-par-v-buterin-traduction-francaise/},
	shorttitle = {Qu’est-ce que la preuve d’enjeu / Proof-of-Stake ?},
	abstract = {Traduction intégrale de l’article Proof of Stake {FAQ} de Vitalik Buterin, réalisée par Jean Zundel, Simon Polrot et Alexis Masseron. Bonne lecture ! Qu’est-ce que la preuve d’enjeu (Proof of S…},
	titleaddon = {Ethereum France},
	author = {France, Ethereum},
	urldate = {2018-03-05},
	date = {2017-01-03},
	langid = {french},
	file = {Snapshot:C\:\\Users\\user\\Zotero\\storage\\B3595CA2\\quest-ce-que-la-preuve-denjeu-proof-of-stake-faq-par-v-buterin-traduction-francaise.html:text/html}
}

@report{karl_j._odwyer_david_malone_bitcoin_2014,
	title = {Bitcoin Mining and its Energy Footprint},
	url = {http://karlodwyer.com/publications/pdf/bitcoin_KJOD_2014.pdf},
	abstract = {Bitcoin is a digital cryptocurrency that has generated cons
iderable public
interest,  including  both  booms  in  value  and  busts  of  exchang
es  dealing  in  Bitcoins.
One of the fundamental concepts of Bitcoin is that work, call
ed mining, must be done
in checking all monetary transactions,  which in turn create
s Bitcoins as a reward.  In
this paper we look at the energy consumption of Bitcoin minin
g.  We consider if and
when  Bitcoin  mining  has  been  profitable  compared  to  the  energ
y  cost  of  performing
the mining, and conclude that specialist hardware is usuall
y required to make Bitcoin
mining profitable.  We also  show that the  power currently used
for Bitcoin  mining is
comparable to Ireland’s electricity consumption.},
	pages = {6},
	institution = {Hamilton Institute National University of Ireland Maynooth},
	author = {{Karl J. O'Dwyer, David Malone}},
	urldate = {2018-03-05},
	date = {2014-06-26},
	file = {bitcoin_KJOD_2014.pdf:C\:\\Users\\user\\Zotero\\storage\\PWW8GJLK\\bitcoin_KJOD_2014.pdf:application/pdf}
}

@inreference{_attaque_2017,
	title = {Attaque Sybil},
	rights = {Creative Commons Attribution-{ShareAlike} License},
	url = {https://fr.wikipedia.org/w/index.php?title=Attaque_Sybil&oldid=137477672},
	abstract = {En sécurité informatique, l’attaque Sybil est une attaque au sein d’un système de réputation (en) qui est renversé par la création de fausses identités dans un réseau informatique pair à pair.},
	booktitle = {Wikipédia},
	urldate = {2018-03-05},
	date = {2017-05-19},
	langid = {french},
	note = {Page Version {ID}: 137477672},
	file = {Snapshot:C\:\\Users\\user\\Zotero\\storage\\G6KZZGTK\\index.html:text/html}
}

@online{_signature_????,
	title = {La signature numérique - Fonctionnement},
	url = {http://www-igm.univ-mlv.fr/~dr/XPOSE2006/depail/fonctionnement.html},
	urldate = {2018-03-05},
	file = {La signature numérique - Fonctionnement:C\:\\Users\\user\\Zotero\\storage\\WLABUYMG\\fonctionnement.html:text/html}
}

@online{_bitcoin.com_????,
	title = {Bitcoin.com},
	url = {https://charts.bitcoin.com/chart/blockchain-size},
	abstract = {Charts providing a snapshot of the Bitcoin ecosystem},
	urldate = {2018-03-05},
	langid = {english},
	file = {Snapshot:C\:\\Users\\user\\Zotero\\storage\\H3M4NGPB\\blockchain-size.html:text/html}
}

@book{chateauneuf_blockchain_2009,
	title = {Blockchain publique et contrats intelligents (Smart Contrats). Les possibilités ouvertes par Ethéreum... et ses limites},
	shorttitle = {Issn},
	author = {Chateauneuf, Alain and Ventura, Caroline and Chateauneuf, Alain and Ventura, Caroline},
	date = {2009},
	file = {17057.pdf:C\:\\Users\\user\\Zotero\\storage\\ETUFRTVK\\17057.pdf:application/pdf;Citeseer - Full Text PDF:C\:\\Users\\user\\Zotero\\storage\\G9GJXLFX\\Chateauneuf et al. - 2009 - Issn 1955-611x.pdf:application/pdf;Citeseer - Snapshot:C\:\\Users\\user\\Zotero\\storage\\4LRB7VG7\\summary.html:text/html}
}

@misc{2016_principes_2016,
	title = {Principes clés d'une application blockchain},
	url = {http://data.em-lyon.com/wp-content/uploads/2017/01/GODEBARGE_ROSSAT_Blockchain-version-finale.pdf},
	author = {{2016} and {GODEBARGE Ferréol} and {ROSSAT R} and {Godebarge Ferréol, Rossat Romain}},
	urldate = {2018-03-05},
	date = {2016-12-15},
	file = {GODEBARGE_ROSSAT_Blockchain-version-finale.pdf:C\:\\Users\\user\\Zotero\\storage\\93UMMBS5\\GODEBARGE_ROSSAT_Blockchain-version-finale.pdf:application/pdf}
}

@online{axiaman_les_2017,
	title = {Les cryptomonnaies du futur},
	url = {http://www.agoravox.fr/actualites/economie/article/les-cryptomonnaies-du-futur-189712},
	abstract = {L'année 2017 s'annonce passionnante dans l'univers des cryptomonnaies. Le 17 janvier, Donald Trump annonçait que le dollar était (...)},
	titleaddon = {{AgoraVox}},
	author = {{Axiaman}},
	urldate = {2018-03-05},
	date = {2017-02-15},
	langid = {french},
	file = {Snapshot:C\:\\Users\\user\\Zotero\\storage\\7CDTJWWX\\les-cryptomonnaies-du-futur-189712.html:text/html}
}

@online{_les_2017,
	title = {Les monnaies numériques et leur impact écologique},
	url = {https://www.fournisseur-energie.com/monnaies-numeriques-impact-ecologique/},
	titleaddon = {Fournisseur-Energie},
	urldate = {2018-03-05},
	date = {2017-12-20},
	langid = {french},
	file = {Snapshot:C\:\\Users\\user\\Zotero\\storage\\2DILZKSN\\monnaies-numeriques-impact-ecologique.html:text/html}
}

@online{inso_duniter_2018,
	title = {Duniter, pourquoi, comment ?},
	url = {https://duniter.org/fr/duniter-pourquoi-comment},
	abstract = {L’année 2017 a vu le projet Duniter démarrer sa première monnaie en production, la ğ1. Jusqu’à présent, les efforts étaient donc réalisés autour d’un objectif : la mise en production de la première cryptomonnaie libre 100\% P2P (pair à pair). L’année s’est écoulée, et nous sommes …},
	titleaddon = {Duniter},
	author = {inso},
	urldate = {2018-03-05},
	date = {2018-01-24},
	langid = {french},
	file = {Snapshot:C\:\\Users\\user\\Zotero\\storage\\U4FPYPJQ\\duniter-pourquoi-comment.html:text/html}
}

@online{bitconnect.co_top_????,
	title = {Top 5 Blockchain Technology Myths the Mainstream Has Fallen For {\textbar} Bitconnect},
	url = {https://bitconnect.co/bitcoin-news/119/top-5-blockchain-technology-myths-the-mainstream-has-fallen-for},
	abstract = {Blockchain technology will be without a digital currency tied to it, or if these companies can make it into anything other than the slow database that it is.},
	titleaddon = {Bitconnect.co},
	author = {Bitconnect.co},
	urldate = {2018-03-05},
	file = {Snapshot:C\:\\Users\\user\\Zotero\\storage\\2DGE5KDX\\top-5-blockchain-technology-myths-the-mainstream-has-fallen-for.html:text/html}
}